%% Saved with string encoding Unicode (UTF-8)


@article{datatable,
   title={Data tables for Lorentz and CPTviolation},
   volume={83},
   ISSN={1539-0756},
   url={http://dx.doi.org/10.1103/RevModPhys.83.11},
   DOI={10.1103/revmodphys.83.11},
   number={1},
   journal={Reviews of Modern Physics},
   publisher={American Physical Society (APS)},
   author={Kostelecký, V. Alan and Russell, Neil},
   year={2011},
   month={Mar},
   pages={11–31}
}


@article{D0,
   author = {Abazov, V.~M. and Abbott, B. and Acharya, B.~S. and Adams, M. and Adams, T. and Alexeev, G.~D. and Alkhazov, G. and Alton, A. and Alverson, G. and Aoki, M. and et al.},
    title = "{Search for Violation of Lorentz Invariance in Top Quark Pair Production and Decay}",
  journal = {Physical Review Letters},
archivePrefix = "arXiv",
   eprint = {1203.6106},
primaryClass = "hep-ex",
 keywords = {Lorentz and Poincare invariance, Inclusive production with identified leptons photons or other nonhadronic particles, Top quarks},
     year = 2012,
    month = jun,
   volume = 108,
   number = 26,
      eid = {261603},
    pages = {261603},
      doi = {10.1103/PhysRevLett.108.261603},
   adsurl = {http://adsabs.harvard.edu/abs/2012PhRvL.108z1603A},
  adsnote = {Provided by the SAO/NASA Astrophysics Data System}
}

@article{Heckel_2008,
   title={Preferred-frame andCP-violation tests with polarized electrons},
   volume={78},
   ISSN={1550-2368},
   url={http://dx.doi.org/10.1103/PhysRevD.78.092006},
   DOI={10.1103/physrevd.78.092006},
   number={9},
   journal={Physical Review D},
   publisher={American Physical Society (APS)},
   author={Heckel, B. R. and Adelberger, E. G. and Cramer, C. E. and Cook, T. S. and Schlamminger, S. and Schmidt, U.},
   year={2008},
   month={Nov}
}

@article{Altschul_2007,
   title={Bounds on spin-dependent Lorentz violation from inverse Compton observations},
   volume={75},
   ISSN={1550-2368},
   url={http://dx.doi.org/10.1103/PhysRevD.75.041301},
   DOI={10.1103/physrevd.75.041301},
   number={4},
   journal={Physical Review D},
   publisher={American Physical Society (APS)},
   author={Altschul, Brett},
   year={2007},
   month={Feb}
}
@article{Nagel_2015,
   title={Direct terrestrial test of Lorentz symmetry in electrodynamics to 10−18},
   volume={6},
   ISSN={2041-1723},
   url={http://dx.doi.org/10.1038/ncomms9174},
   DOI={10.1038/ncomms9174},
   number={1},
   journal={Nature Communications},
   publisher={Springer Science and Business Media LLC},
   author={Nagel, Moritz and Parker, Stephen R. and Kovalchuk, Evgeny V. and Stanwix, Paul L. and Hartnett, John G. and Ivanov, Eugene N. and Peters, Achim and Tobar, Michael E.},
   year={2015},
   month={Sep}
}

@article{Komatsu_2011,
   title={Seven-Year Wilkinson Microwave Anisotropy Probe (WMAP) Observations: Cosmological Interpretation},
   volume={192},
   ISSN={1538-4365},
   url={http://dx.doi.org/10.1088/0067-0049/192/2/18},
   DOI={10.1088/0067-0049/192/2/18},
   number={2},
   journal={The Astrophysical Journal Supplement Series},
   publisher={American Astronomical Society},
   author={Komatsu, E. and Smith, K. M. and Dunkley, J. and Bennett, C. L. and Gold, B. and Hinshaw, G. and Jarosik, N. and Larson, D. and Nolta, M. R. and Page, L. and et al.},
   year={2011},
   month={Jan},
   pages={18}
}
@article{Gomes_2016,
   title={Laboratory-based limits on the Carroll-Field-Jackiw Lorentz-violating electrodynamics},
   volume={94},
   ISSN={2470-0029},
   url={http://dx.doi.org/10.1103/PhysRevD.94.025031},
   DOI={10.1103/physrevd.94.025031},
   number={2},
   journal={Physical Review D},
   publisher={American Physical Society (APS)},
   author={Gomes, Y. M. P. and Malta, P. C.},
   year={2016},
   month={Jul}
}


@inproceedings{Carle_CPT19,
    author = "Carle, A. and Chanon, N. and Perri\`es, S.",
    title = "{Prospects for Lorentz-Violation Searches with Top Pair Production at the LHC and Future Colliders}",
    booktitle = "{8th Meeting on CPT and Lorentz Symmetry}",
    eprint = "1909.01990",
    archivePrefix = "arXiv",
    primaryClass = "hep-ph",
    doi = "10.1142/9789811213984_0052",
    month = "9",
    year = "2019"
}

@ARTICLE{Salam,
   author = {Salam, A. and Ward, J.~C.},
    title = "{Weak and electromagnetic interactions}",
  journal = {Il Nuovo Cimento},
     year = 1959,
    month = feb,
   volume = 11,
    pages = {568-577},
      doi = {10.1007/BF02726525},
   adsurl = {http://adsabs.harvard.edu/abs/1959NCim...11..568S},
  adsnote = {Provided by the SAO/NASA Astrophysics Data System}
}

@ARTICLE{Weinberg,
   author = {Weinberg, S.},
    title = "{A Model of Leptons}",
  journal = {Physical Review Letters},
     year = 1967,
    month = nov,
   volume = 19,
    pages = {1264-1266},
      doi = {10.1103/PhysRevLett.19.1264},
   adsurl = {http://adsabs.harvard.edu/abs/1967PhRvL..19.1264W},
  adsnote = {Provided by the SAO/NASA Astrophysics Data System}
}


@ARTICLE{Kostelecky,
   author = {Kostelecky, A.},
    title = "{CPT and Lorentz Tests in the Standard Model}",
  journal = {},
  archivePrefix = "arXiv",
   eprint = {hep-ph/9810274},
 keywords = {High Energy Physics - Phenomenology},
     year = 1998,
    month = oct,
   adsurl = {http://adsabs.harvard.edu/abs/1998hep.ph...10274K},
  adsnote = {Provided by the SAO/NASA Astrophysics Data System}
}

@article{KosteleckyPheno,
  title = {Lorentz and $CPT$ violation in top-quark production and decay},
  author = {Berger, Mic@techreport{CMS-NOTE-2011-005,
        title         = "{Procedure for the LHC Higgs boson search combination in
                         Summer 2011}",
        institution   = "CERN",
        collaboration = "The ATLAS Collaboration, The CMS Collaboration, The LHC
                         Higgs Combination Group",
        address       = "Geneva",
        reportNumber  = "CMS-NOTE-2011-005, ATL-PHYS-PUB-2011-11",
        month         = "Aug",
        year          = "2011",
        url           = "https://cds.cern.ch/record/1379837",
  }
  heal S. and Kosteleck\'y, V. Alan and Liu, Zhi},
  journal = {Phys. Rev. D},
  volume = {93},
  issue = {3},
  pages = {036005},
  numpages = {17},
  year = {2016},
  month = {Feb},
  publisher = {American Physical Society},
  doi = {10.1103/PhysRevD.93.036005},
  url = {https://link.aps.org/doi/10.1103/PhysRevD.93.036005}
}
@article{Jones,
   author = {Jones, M.},
   title = "{Computation of WGS83 geodetic coordinates and azimuths at the LHC interaction points}",
   year = 2005,
   month = sep
}

@article{Aoki,
   author = {Aoki, S. and Guinnot, B. and Kaplan, G. H. and Kinoshita, H. and McCarthy, D. D. and Seidelmann, P. K.},
   title = "{The New definition of Universal Time}",
   year = 1981,
   month = sep,
   journal = {Astronomy and Astrophysics}
}

@article{McCarthy_2008,
	doi = {10.1088/0004-6256/136/5/1906},
	url = {https://doi.org/10.1088/0004-6256/136/5/1906},
	year = 2008,
	month = {oct},
	publisher = {American Astronomical Society},
	volume = {136},
	number = {5},
	pages = {1906--1908},
	author = {Dennis D. McCarthy and Christine Hackman and Robert A. Nelson},
	title = {{THE} {PHYSICAL} {BASIS} {OF} {THE} {LEAP} {SECOND}},
	journal = {The Astronomical Journal}
}

@ARTICLE{Madgraph,
   author = {Alwall, J. and Frederix, R. and Frixione, S. and Hirschi, V. and Maltoni, F. and Mattelaer, O. and Shao, H.-S. and Stelzer, T. and Torrielli, P. and Zaro, M.},
    title = "{The automated computation of tree-level and next-to-leading order differential cross sections, and their matching to parton shower simulations}",
  journal = {Journal of High Energy Physics},
archivePrefix = "arXiv",
   eprint = {1405.0301},
 primaryClass = "hep-ph",
 keywords = {Monte Carlo Simulations, NLO Computations},
     year = 2014,
    month = jul,
   volume = 7,
      eid = {79},
    pages = {79},
      doi = {10.1007/JHEP07(2014)079},
   adsurl = {http://adsabs.harvard.edu/abs/2014JHEP...07..079A},
  adsnote = {Provided by the SAO/NASA Astrophysics Data System}
}

@ARTICLE{PDF,
    author  = {Ball, R.D. et al},
    journal = {Nuclear Physics B},
    year    = 2013,
    volume  = 867,
    pages   = {244-289}, 
    adsurl  = { https://doi.org/10.1016/j.nuclphysb.2012.10.003}
}


@ARTICLE{Coupure,
   author = {CMS Collaboration},
    title = "{Measurement of the t t-bar production cross section using events in the e mu final state in pp collisions at sqrt(s) = 13 TeV}",
  journal = {ArXiv e-prints},
archivePrefix = "arXiv",
   eprint = {1611.04040},
 primaryClass = "hep-ex",
 keywords = {High Energy Physics - Experiment},
     year = 2016,
    month = nov,
   adsurl = {http://adsabs.harvard.edu/abs/2016arXiv161104040C},
  adsnote = {Provided by the SAO/NASA Astrophysics Data System}
}

@misc{heppy,
  author = {Carle, Aurélien and Touquet, Gael and Torterotot, Lucas},
  title = {Heppy $t\bar{t}$ analysis},
  year = {2020},
  publisher = {GitHub},
  journal = {GitHub repository},
  howpublished = {\url{https://github.com/Arc-Pintade/ttbar-analysis-heppy}}
}

@article{combine,
    collaboration = "ATLAS, CMS, LHC Higgs Combination Group",
    title = "{Procedure for the LHC Higgs boson search combination in Summer 2011}",
    reportNumber = "CMS-NOTE-2011-005, ATL-PHYS-PUB-2011-011, ATL-PHYS-PUB-2011-11",
    month = "8",
    year = "2011"
}


@ARTICLE{Higgs,
   author = {Higgs, P.~W.},
    title = "{Broken Symmetries and the Masses of Gauge Bosons}",
  journal = {Physical Review Letters},
     year = 1964,
    month = oct,
   volume = 13,
    pages = {508-509},
      doi = {10.1103/PhysRevLett.13.508},
   adsurl = {http://adsabs.harvard.edu/abs/1964PhRvL..13..508H},
  adsnote = {Provided by the SAO/NASA Astrophysics Data System}
}


@ARTICLE{Atlas,
   author = {Aad, G. and Abajyan, T. and Abbott, B. and Abdallah, J. and Abdel Khalek, S. and Abdelalim, A.~A. and Abdinov, O. and Aben, R. and Abi, B. and Abolins, M. and et al.},
    title = "{Observation of a new particle in the search for the Standard Model Higgs boson with the ATLAS detector at the LHC}",
  journal = {Physics Letters B},
archivePrefix = "arXiv",
   eprint = {1207.7214},
 primaryClass = "hep-ex",
     year = 2012,
    month = sep,
   volume = 716,
    pages = {1-29},
      doi = {10.1016/j.physletb.2012.08.020},
   adsurl = {http://adsabs.harvard.edu/abs/2012PhLB..716....1A},
  adsnote = {Provided by the SAO/NASA Astrophysics Data System}
}

@ARTICLE{CMS,
   author = {Chatrchyan, S. and Khachatryan, V. and Sirunyan, A.~M. and Tumasyan, A. and Adam, W. and Aguilo, E. and Bergauer, T. and Dragicevic, M. and Er\"o, J. and Fabjan, C. and et al.},
    title = "{Observation of a new boson at a mass of 125 GeV with the CMS experiment at the LHC}",
  journal = {Physics Letters B},
archivePrefix = "arXiv",
   eprint = {1207.7235},
 primaryClass = "hep-ex",
 keywords = {CMS, Physics, Higgs},
     year = 2012,
    month = sep,
   volume = 716,
    pages = {30-61},
      doi = {10.1016/j.physletb.2012.08.021},
   adsurl = {http://adsabs.harvard.edu/abs/2012PhLB..716...30C},
  adsnote = {Provided by the SAO/NASA Astrophysics Data System}
}



@article{B0,
   author = {Aaij, R. and Abelln Beteta, C. and Adeva, B. and Adinolfi, M. and Ajaltouni, Z. and Akar, S. and Albrecht, J. and Alessio, F. and Alexander, M. and Ali, S. and et al.},
    title = "{Search for Violations of Lorentz Invariance and C P T Symmetry in B$_{(s}$$^{) 0}$ Mixing}",
  journal = {Physical Review Letters},
archivePrefix = "arXiv",
   eprint = {1603.04804},
 primaryClass = "hep-ex",
     year = 2016,
    month = jun,
   volume = 116,
   number = 24,
      eid = {241601},
    pages = {241601},
      doi = {10.1103/PhysRevLett.116.241601},
   adsurl = {http://adsabs.harvard.edu/abs/2016PhRvL.116x1601A},
  adsnote = {Provided by the SAO/NASA Astrophysics Data System}
}

@article{D0,
   author = {Abazov, V.~M. and Abbott, B. and Acharya, B.~S. and Adams, M. and Adams, T. and Alexeev, G.~D. and Alkhazov, G. and Alton, A. and Alverson, G. and Aoki, M. and et al.},
    title = "{Search for Violation of Lorentz Invariance in Top Quark Pair Production and Decay}",
  journal = {Physical Review Letters},
archivePrefix = "arXiv",
   eprint = {1203.6106},
primaryClass = "hep-ex",
 keywords = {Lorentz and Poincare invariance, Inclusive production with identified leptons photons or other nonhadronic particles, Top quarks},
     year = 2012,
    month = jun,
   volume = 108,
   number = 26,
      eid = {261603},
    pages = {261603},
      doi = {10.1103/PhysRevLett.108.261603},
   adsurl = {http://adsabs.harvard.edu/abs/2012PhRvL.108z1603A},
  adsnote = {Provided by the SAO/NASA Astrophysics Data System}
}

@article{CMSExperiment,
      author         = "Chatrchyan, S. and others",
      title          = "{The CMS Experiment at the CERN LHC}",
      collaboration  = "CMS",
      journal        = "JINST",
      volume         = "3",
      year           = "2008",
      pages          = "S08004",
      doi            = "10.1088/1748-0221/3/08/S08004",
      SLACcitation   = "%%CITATION = JINST,3,S08004;%%"
}

@article{Khachatryan_2017,
   title="{Measurement of the $\mathrm{t}\overline{\mathrm{t}}$ production cross section using events in the  $\mathrm{e}\mu$ final state in pp collisions at $\sqrt{s}=13 \mathrm{TeV}$ }",
   volume={77},
   ISSN={1434-6052},
   url={http://dx.doi.org/10.1140/epjc/s10052-017-4718-8},
   DOI={10.1140/epjc/s10052-017-4718-8},
   number={3},
   journal={The European Physical Journal C},
   publisher={Springer Science and Business Media LLC},
   author={Khachatryan, V. and Sirunyan, A. M. and Tumasyan, A. and Adam, W. and Asilar, E. and Bergauer, T. and Brandstetter, J. and Brondolin, E. and Dragicevic, M. and et al.},
   year={2017},
   month={Mar}
  }
@article{Carle_2020,
   title={Prospects for Lorentz invariance violation searches with top pair production at the LHC and future hadron colliders},
   volume={80},
   ISSN={1434-6052},
   url={http://dx.doi.org/10.1140/epjc/s10052-020-7715-2},
   DOI={10.1140/epjc/s10052-020-7715-2},
   number={2},
   journal={The European Physical Journal C},
   publisher={Springer Science and Business Media LLC},
   author={Carle, Aurélien and Chanon, Nicolas and Perriès, Stéphane},
   year={2020},
   month={Feb}
}


@article{PDG,
    author = "Zyla, P.A. and others",
    collaboration = "Particle Data Group",
    title = "{Review of Particle Physics}",
    doi = "10.1093/ptep/ptaa104",
    journal = "PTEP",
    volume = "2020",
    number = "8",
    pages = "083C01",
    year = "2020"
}

@ARTICLE{CKM,
       author = {{Kobayashi}, M. and {Maskawa}, T.},
        title = "{CP-Violation in the Renormalizable Theory of Weak Interaction}",
      journal = {Progress of Theoretical Physics},
         year = 1973,
        month = feb,
       volume = {49},
       number = {2},
        pages = {652-657},
          doi = {10.1143/PTP.49.652},
       adsurl = {https://ui.adsabs.harvard.edu/abs/1973PThPh..49..652K},
      adsnote = {Provided by the SAO/NASA Astrophysics Data System}
}


@article{Lehnert,
   title={Dirac theory within the Standard-Model Extension},
   volume={45},
   ISSN={1089-7658},
   url={http://dx.doi.org/10.1063/1.1769105},
   DOI={10.1063/1.1769105},
   number={8},
   journal={Journal of Mathematical Physics},
   publisher={AIP Publishing},
   author={Lehnert, Ralf},
   year={2004},
   month={Aug},
   pages={3399–3412}
}

@MISC{Connes,
    author = {Alain Connes},
    title = {Noncommutative Geometry},
    year = {1994}
}

@article{LIVnoncomm,
  title = {Noncommutative Field Theory and Lorentz Violation},
  author = {Carroll, Sean M. and Harvey, Jeffrey A. and Kosteleck\'y, V. Alan and Lane, Charles D. and Okamoto, Takemi},
  journal = {Phys. Rev. Lett.},
  volume = {87},
  issue = {14},
  pages = {141601},
  numpages = {4},
  year = {2001},
  month = {Sep},
  publisher = {American Physical Society},
  doi = {10.1103/PhysRevLett.87.141601},
  url = {https://link.aps.org/doi/10.1103/PhysRevLett.87.141601}
}

@article{susskind,
  title = {Structure of Hadrons Implied by Duality},
  author = {Susskind, Leonard},
  journal = {Phys. Rev. D},
  volume = {1},
  issue = {4},
  pages = {1182--1186},
  numpages = {0},
  year = {1970},
  month = {Feb},
  publisher = {American Physical Society},
  doi = {10.1103/PhysRevD.1.1182},
  url = {https://link.aps.org/doi/10.1103/PhysRevD.1.1182}
}


@Article{fubini,
author={Fubini, S.
and Veneziano, G.},
title={Level structure of dual-resonance models},
journal={Il Nuovo Cimento A (1965-1970)},
year={1969},
month={Dec},
day={01},
volume={64},
number={4},
pages={811-840},
issn={1826-9869},
doi={10.1007/BF02758835},
url={https://doi.org/10.1007/BF02758835}
}

@article{smolin,
   title={An invitation to quantum loop gravity.},
   ISBN={9789812702340},
   url={http://dx.doi.org/10.1142/9789812702340_0078},
   DOI={10.1142/9789812702340_0078},
   journal={Quantum Theory and Symmetries},
   publisher={World Scientific},
   author={Smolin, Lee},
   year={2004},
   month={Oct}
}

@article{rovelli,
   title={Loop Quantum Gravity},
   volume={1},
   ISSN={1433-8351},
   url={http://dx.doi.org/10.12942/lrr-1998-1},
   DOI={10.12942/lrr-1998-1},
   number={1},
   journal={Living Reviews in Relativity},
   publisher={Springer Science and Business Media LLC},
   author={Rovelli, Carlo},
   year={1998},
   month={Jan}
}

@article{LIVstring,
  title = {Spontaneous breaking of Lorentz symmetry in string theory},
  author = {Kosteleck\'y, V. Alan and Samuel, Stuart},
  journal = {Phys. Rev. D},
  volume = {39},
  issue = {2},
  pages = {683--685},
  numpages = {0},
  year = {1989},
  month = {Jan},
  publisher = {American Physical Society},
  doi = {10.1103/PhysRevD.39.683},
  url = {https://link.aps.org/doi/10.1103/PhysRevD.39.683}
}


@article{LIVloop,
  title = {Spontaneous breaking of Lorentz symmetry in string theory},
  author = {Kosteleck\'y, V. Alan and Samuel, Stuart},
  journal = {Phys. Rev. D},
  volume = {39},
  issue = {2},
  pages = {683--685},
  numpages = {0},
  year = {1989},
  month = {Jan},
  publisher = {American Physical Society},
  doi = {10.1103/PhysRevD.39.683},
  url = {https://link.aps.org/doi/10.1103/PhysRevD.39.683}
}

@article{SME1,
  title = {Lorentz-violating extension of the standard model},
  author = {Colladay, D. and Kosteleck\'y, V. Alan},
  journal = {Phys. Rev. D},
  volume = {58},
  issue = {11},
  pages = {116002},
  numpages = {23},
  year = {1998},
  month = {Oct},
  publisher = {American Physical Society},
  doi = {10.1103/PhysRevD.58.116002},
  url = {https://link.aps.org/doi/10.1103/PhysRevD.58.116002}
}
@article{SME2,
  title = {$\mathrm{CPT}$ violation and the standard model},
  author = {Colladay, Don and Kosteleck\'y, V. Alan},
  journal = {Phys. Rev. D},
  volume = {55},
  issue = {11},
  pages = {6760--6774},
  numpages = {0},
  year = {1997},
  month = {Jun},
  publisher = {American Physical Society},
  doi = {10.1103/PhysRevD.55.6760},
  url = {https://link.aps.org/doi/10.1103/PhysRevD.55.6760}
}

@article{mitov,
   title={Total Top-Quark Pair-Production Cross Section at Hadron Colliders ThroughO(αS4)},
   volume={110},
   ISSN={1079-7114},
   url={http://dx.doi.org/10.1103/PhysRevLett.110.252004},
   DOI={10.1103/physrevlett.110.252004},
   number={25},
   journal={Physical Review Letters},
   publisher={American Physical Society (APS)},
   author={Czakon, Michał and Fiedler, Paul and Mitov, Alexander},
   year={2013},
   month={Jun}
}
@article{singletopNNLO,
   title={On the NNLO QCD corrections to single-top production at the LHC},
   volume={736},
   ISSN={0370-2693},
   url={http://dx.doi.org/10.1016/j.physletb.2014.06.075},
   DOI={10.1016/j.physletb.2014.06.075},
   journal={Physics Letters B},
   publisher={Elsevier BV},
   author={Brucherseifer, Mathias and Caola, Fabrizio and Melnikov, Kirill},
   year={2014},
   month={Sep},
   pages={58–63}
}

@article{Glashow,
	Author = {Glashow, S. L. and Iliopoulos, J. and Maiani, L.},
	Issue = {7},
	Journal = {Phys. Rev. D},
	Month = {Oct},
	Numpages = {0},
	Pages = {1285--1292},
	Publisher = {American Physical Society},
	Title = {Weak Interactions with Lepton-Hadron Symmetry},
	Volume = {2},
	Year = {1970},
	Bdsk-Url-1 = {http://dx.doi.org/10.1103/PhysRevD.2.1285}}

@article{Weinberg,
	Author = {Weinberg, Steven},
	Issue = {21},
	Journal = {Phys. Rev. Lett.},
	Month = {Nov},
	Numpages = {0},
	Pages = {1264--1266},
	Publisher = {American Physical Society},
	Title = {A Model of Leptons},
	Volume = {19},
	Year = {1967},
	Bdsk-Url-1 = {http://dx.doi.org/10.1103/PhysRevLett.19.1264}}



@article{Englert,
	Author = {Englert, F. and Brout, R.},
	Issue = {9},
	Journal = {Phys. Rev. Lett.},
	Month = {Aug},
	Numpages = {0},
	Pages = {321--323},
	Publisher = {American Physical Society},
	Title = {Broken Symmetry and the Mass of Gauge Vector Mesons},
	Volume = {13},
	Year = {1964},
	Bdsk-Url-1 = {http://dx.doi.org/10.1103/PhysRevLett.13.321}}

@article{Higgs,
	Author = {Higgs, Peter W.},
	Issue = {16},
	Journal = {Phys. Rev. Lett.},
	Month = {Oct},
	Numpages = {0},
	Pages = {508--509},
	Publisher = {American Physical Society},
	Title = {Broken Symmetries and the Masses of Gauge Bosons},
	Volume = {13},
	Year = {1964},
	Bdsk-Url-1 = {http://dx.doi.org/10.1103/PhysRevLett.13.508}}

@article{higgs_atlas,
	Archiveprefix = {arXiv},
	Author = {Aad, Georges and others},
	Collaboration = {ATLAS Collaboration},
	Journal = {Phys.Lett.},
	Pages = {1-29},
	Primaryclass = {hep-ex},
	Reportnumber = {CERN-PH-EP-2012-218},
	Title = {{Observation of a new particle in the search for the Standard Model Higgs boson with the ATLAS detector at the LHC}},
	Volume = {B716},
	Year = {2012},
	Bdsk-Url-1 = {http://dx.doi.org/10.1016/j.physletb.2012.08.020}}

@article{higgs_cms,
	Archiveprefix = {arXiv},
	Author = {Chatrchyan, Serguei and others},
	Collaboration = {CMS Collaboration},
	Journal = {Phys.Lett.},
	Pages = {30-61},
	Primaryclass = {hep-ex},
	Reportnumber = {CMS-HIG-12-028, CERN-PH-EP-2012-220},
	Title = {{Observation of a new boson at a mass of 125 GeV with the CMS experiment at the LHC}},
	Volume = {B716},
	Year = {2012},
	Bdsk-Url-1 = {http://dx.doi.org/10.1016/j.physletb.2012.08.021}}

@article{MmeWu,
  title = {Experimental Test of Parity Conservation in Beta Decay},
  author = {Wu, C. S. and Ambler, E. and Hayward, R. W. and Hoppes, D. D. and Hudson, R. P.},
  journal = {Phys. Rev.},
  volume = {105},
  issue = {4},
  pages = {1413--1415},
  numpages = {0},
  year = {1957},
  month = {Feb},
  publisher = {American Physical Society},
  doi = {10.1103/PhysRev.105.1413},
  url = {https://link.aps.org/doi/10.1103/PhysRev.105.1413}
}


@article{neutrino_mixing_1,
	Adsnote = {Provided by the SAO/NASA Astrophysics Data System},
	Adsurl = {http://adsabs.harvard.edu/abs/1968JETP...26..984P},
	Author = {{Pontecorvo}, B.},
	Journal = {Soviet Journal of Experimental and Theoretical Physics},
	Month = may,
	Pages = {984},
	Title = {{Neutrino Experiments and the Problem of Conservation of Leptonic Charge}},
	Volume = 26,
	Year = 1968}

@article{neutrino_mixing_2,
	Abstract = {A particle mixture theory of neutrino is proposed assuming the existence of two kinds of neutrinos. Based on the neutrino-mixture theory, a possible unified model of elementary particles is constructed by generalizing the Sakata-Nagoya model. Our scheme gives a natural explanation of smallness of leptonic decay rate of hyperons as well as the subtle difference of Gν's between µ-e and β-decay.Starting with this scheme, the possibility of Ke3 mode with ΔS/ΔQ = −1 is also examined, and some bearings on the dynamical role of the B-matter, a fundamental constituent of baryons in the Nagoya model, are clarified.},
	Author = {Maki, Ziro and Nakagawa, Masami and Sakata, Shoichi},
	Journal = {Progress of Theoretical Physics},
	Number = {5},
	Pages = {870-880},
	Title = {Remarks on the Unified Model of Elementary Particles},
	Volume = {28},
	Year = {1962},
	Bdsk-Url-1 = {http://dx.doi.org/10.1143/PTP.28.870}}

@article{color1,
  title = {Neutrons and Gamma-Rays from the Proton Bombardment of Beryllium},
  author = {Hahn, T. M. and Snyder, C. W. and Willard, H. B. and Bair, J. K. and Klema, E. D. and Kington, J. D. and Green, F. P.},
  journal = {Phys. Rev.},
  volume = {85},
  issue = {5},
  pages = {934--934},
  numpages = {0},
  year = {1952},
  month = {Mar},
  publisher = {American Physical Society},
  doi = {10.1103/PhysRev.85.934},
  url = {https://link.aps.org/doi/10.1103/PhysRev.85.934}
}

@article{color2,
  title = {Total Cross Section of Negative Pions in Hydrogen},
  author = {Anderson, H. L. and Fermi, E. and Long, E. A. and Martin, R. and Nagle, D. E.},
  journal = {Phys. Rev.},
  volume = {85},
  issue = {5},
  pages = {934--935},
  numpages = {0},
  year = {1952},
  month = {Mar},
  publisher = {American Physical Society},
  doi = {10.1103/PhysRev.85.934.2},
  url = {https://link.aps.org/doi/10.1103/PhysRev.85.934.2}
}
@article{color3,
  title = {Total Cross Sections of Positive Pions in Hydrogen},
  author = {Anderson, H. L. and Fermi, E. and Long, E. A. and Nagle, D. E.},
  journal = {Phys. Rev.},
  volume = {85},
  issue = {5},
  pages = {936--936},
  numpages = {0},
  year = {1952},
  month = {Mar},
  publisher = {American Physical Society},
  doi = {10.1103/PhysRev.85.936},
  url = {https://link.aps.org/doi/10.1103/PhysRev.85.936}
}

@article{color4,
  title = {Observation of a Hyperon with Strangeness Minus Three},
  author = {Barnes, V. E. and Connolly, P. L. and Crennell, D. J. and Culwick, B. B. and Delaney, W. C. and Fowler, W. B. and Hagerty, P. E. and Hart, E. L. and Horwitz, N. and Hough, P. V. C. and Jensen, J. E. and Kopp, J. K. and Lai, K. W. and Leitner, J. and Lloyd, J. L. and London, G. W. and Morris, T. W. and Oren, Y. and Palmer, R. B. and Prodell, A. G. and Radoji\ifmmode \check{c}\else \v{c}\fi{}i\ifmmode \acute{c}\else \'{c}\fi{}, D. and Rahm, D. C. and Richardson, C. R. and Samios, N. P. and Sanford, J. R. and Shutt, R. P. and Smith, J. R. and Stonehill, D. L. and Strand, R. C. and Thorndike, A. M. and Webster, M. S. and Willis, W. J. and Yamamoto, S. S.},
  journal = {Phys. Rev. Lett.},
  volume = {12},
  issue = {8},
  pages = {204--206},
  numpages = {0},
  year = {1964},
  month = {Feb},
  publisher = {American Physical Society},
  doi = {10.1103/PhysRevLett.12.204},
  url = {https://link.aps.org/doi/10.1103/PhysRevLett.12.204}
}

@book{LHC,
      author        = "Brüning, Oliver Sim and Collier, Paul and Lebrun, P and
                       Myers, Stephen and Ostojic, Ranko and Poole, John and
                       Proudlock, Paul",
      title         = "{LHC Design Report}",
      publisher     = "CERN",
      address       = "Geneva",
      series        = "CERN Yellow Reports: Monographs",
      year          = "2004",
      url           = "http://cds.cern.ch/record/782076",
      doi           = "10.5170/CERN-2004-003-V-1",
}

@techreport{CMStechnical,
      author        = "Dominguez, A and Abbaneo, D and Arndt, K and Bacchetta, N
                       and Ball, A and Bartz, E and Bertl, W and Bilei, G M and
                       Bolla, G and Cheung, H W K and Chertok, M and Costa, S and
                       Demaria, N and Daniel Dominguez Vazquez and Ecklund, K and
                       Erdmann, W and Gill, K and Hall, G and Harder, K and
                       Hartmann, F and Horisberger, R and Johns, W and Kaestli, H
                       C and Klein, K and Kotlinski, D and Kwan, S and Pesaresi, M
                       and Postema, H and Rohe, T and Schäfer, C and Starodumov,
                       A and Streuli, S and Tricomi, A and Tropea, P and Troska, J
                       and Vasey, F and Zeuner, W",
      editor        = "Dominguez, A",
      title         = "{CMS Technical Design Report for the Pixel Detector
                       Upgrade}",
      reportNumber  = "CERN-LHCC-2012-016, CMS-TDR-11",
      month         = "Sep",
      year          = "2012",
      url           = "https://cds.cern.ch/record/1481838",
      note          = "Additional contacts: Jeffrey Spalding, Fermilab,
                       Jeffrey.Spalding@cern.ch Didier Contardo, Universite Claude
                       Bernard-Lyon I, didier.claude.contardo@cern.ch",
}


@article{alice,
	Author = {Aamodt, K. and others},
	Collaboration = {ALICE Collaboration},
	Journal = {JINST},
	Pages = {S08002},
	Slaccitation = {%%CITATION = JINST,3,S08002;%%},
	Title = {{The ALICE experiment at the CERN LHC}},
	Volume = {3},
	Year = {2008},
	Bdsk-Url-1 = {http://dx.doi.org/10.1088/1748-0221/3/08/S08002}}

@article{atlas,
	Author = {Aad, G. and others},
	Collaboration = {ATLAS Collaboration},
	Journal = {JINST},
	Pages = {S08003},
	Slaccitation = {%%CITATION = JINST,3,S08003;%%},
	Title = {{The ATLAS Experiment at the CERN Large Hadron Collider}},
	Volume = {3},
	Year = {2008},
	Bdsk-Url-1 = {http://dx.doi.org/10.1088/1748-0221/3/08/S08003}}

@article{cms,
	Author = {Chatrchyan, S. and others},
	Collaboration = {CMS Collaboration},
	Journal = {JINST},
	Pages = {S08004},
	Slaccitation = {%%CITATION = JINST,3,S08004;%%},
	Title = {{The CMS experiment at the CERN LHC}},
	Volume = {3},
	Year = {2008},
	Bdsk-Url-1 = {http://dx.doi.org/10.1088/1748-0221/3/08/S08004}}

@article{lhcb,
	Author = {Alves, A. Augusto, Jr. and others},
	Collaboration = {LHCb Collaboration},
	Journal = {JINST},
	Pages = {S08005},
	Slaccitation = {%%CITATION = JINST,3,S08005;%%},
	Title = {{The LHCb Detector at the LHC}},
	Volume = {3},
	Year = {2008},
	Bdsk-Url-1 = {http://dx.doi.org/10.1088/1748-0221/3/08/S08005}}

@article{lhcf,
	Author = {Adriani, O. and others},
	Collaboration = {LHCf Collaboration},
	Journal = {JINST},
	Pages = {S08006},
	Slaccitation = {%%CITATION = JINST,3,S08006;%%},
	Title = {{The LHCf detector at the CERN Large Hadron Collider}},
	Volume = {3},
	Year = {2008},
	Bdsk-Url-1 = {http://dx.doi.org/10.1088/1748-0221/3/08/S08006}}

@article{totem,
	Author = {Anelli, G. and others},
	Collaboration = {TOTEM Collaboration},
	Journal = {JINST},
	Pages = {S08007},
	Slaccitation = {%%CITATION = JINST,3,S08007;%%},
	Title = {{The TOTEM experiment at the CERN Large Hadron Collider}},
	Volume = {3},
	Year = {2008},
	Bdsk-Url-1 = {http://dx.doi.org/10.1088/1748-0221/3/08/S08007}}

@techreport{moedal,
	Address = {Geneva},
	Author = {Pinfold, James and Soluk, R and Yao, Y and Cecchini, S and Giacomelli, G and Giorgini, M and Patrizii, L and Sirri, G and Lacarr{\`e}re, D H and Kinoshita, K and Jakubek, J and Platkevic, M and Posp{\'\i}sil, S and Vykydal, Z and Hott, T and Houdayer, A and Leroy, Claude and Swain, J and Felea, D and Hasegan, D and Pavalas, G E and Popa, V},
	Collaboration = {MoEDAL Collaboration},
	Institution = {CERN},
	Month = {Jun},
	Number = {CERN-LHCC-2009-006. MoEDAL-TDR-001},
	Title = {{Technical Design Report of the MoEDAL Experiment}},
	Year = {2009}}


@article{lhcb_bs,
	Author = {Aaij, R and others},
	Collaboration = {LHCb collaboration},
	Journal = {Phys.Rev.Lett.},
	Pages = {221601},
	Reportnumber = {CERN-PH-EP-2013-068, LHCB-PAPER-2013-018},
	Slaccitation = {%%CITATION = ARXIV:1304.6173;%%},
	Title = {{First observation of $CP$ violation in the decays of $B^0_s$ mesons}},
	Volume = {110},
	Year = {2013},
	Bdsk-Url-1 = {http://dx.doi.org/10.1103/PhysRevLett.110.221601}}

@article{madgraph,
year={2011},
journal={Journal of High Energy Physics},
volume={2011},
number={6},
title="{MadGraph 5: going beyond}",
publisher={Springer-Verlag},
keywords={QCD Phenomenology},
author={Alwall, Johan and Herquet, Michel and Maltoni, Fabio and Mattelaer, Olivier and Stelzer, Tim},
language={English}}

@article{Alioli:2010xd,
      author         = "Alioli, Simone and Nason, Paolo and Oleari, Carlo and Re Emanuele",
      title          = "{A general framework for implementing NLO calculations in shower Monte Carlo programs: the POWHEG BOX}",
      journal        = "JHEP",
      volume         = "1006",
      pages          = "043",
      year           = "2010",
      archivePrefix  = "arXiv",
      primaryClass   = "hep-ph",
      reportNumber   = "DESY-10-018, SFB-CPP-10-22, IPPP-10-11, DCPT-10-22",
      SLACcitation   = "%%CITATION = ARXIV:1002.2581;%%",
}

@article{1126-6708-2002-06-029,
  author={Stefano Frixione and Bryan R. Webber},
  title="{Matching NLO QCD computations and parton shower simulations}",
  journal={Journal of High Energy Physics},
  volume={2002},
  number={06},
  pages={029},
  year={2002}
}

@Article{Ball2015,
author={Ball, Richard D.
and Bertone, Valerio
and Carrazza, Stefano
and Deans, Christopher S.
and Del Debbio, Luigi
and Forte, Stefano
and Guffanti, Alberto
and Hartland, Nathan P.
and Latorre, Jos{\'e} I.
and Rojo, Juan
and Ubiali, Maria
and collaboration, The NNPDF},
title={Parton distributions for the LHC run II},
journal={Journal of High Energy Physics},
year={2015},
month={Apr},
day={08},
volume={2015},
number={4},
pages={40},
issn={1029-8479},
doi={10.1007/JHEP04(2015)040},
url={https://doi.org/10.1007/JHEP04(2015)040}
}

@INPROCEEDINGS{Debbio2018,
       author = {{Del Debbio}, Luigi},
        title = "{Parton distributions in the LHC era}",
    booktitle = {European Physical Journal Web of Conferences},
         year = 2018,
       series = {European Physical Journal Web of Conferences},
       volume = {175},
        month = mar,
          eid = {01006},
        pages = {01006},
          doi = {10.1051/epjconf/201817501006},
       adsurl = {https://ui.adsabs.harvard.edu/abs/2018EPJWC.17501006D},
      adsnote = {Provided by the SAO/NASA Astrophysics Data System}
}


@article{DESYpdf,

author = {Willeke, F and Germany, Hamburg},

year = {2006},

month = {01},

pages = {},

title = {Hera and the next generation of lepton-ion colliders},

journal = {EPAC 2006 - Contributions to the Proceedings}

}

@article{ALTARELLI,
title = {Asymptotic freedom in parton language},
journal = {Nuclear Physics B},
volume = {126},
number = {2},
pages = {298-318},
year = {1977},
issn = {0550-3213},
doi = {https://doi.org/10.1016/0550-3213(77)90384-4},
url = {https://www.sciencedirect.com/science/article/pii/0550321377903844},
author = {G. Altarelli and G. Parisi}
}
@article{Butterworth_2016,
   title={PDF4LHC recommendations for LHC Run II},
   volume={43},
   ISSN={1361-6471},
   url={http://dx.doi.org/10.1088/0954-3899/43/2/023001},
   DOI={10.1088/0954-3899/43/2/023001},
   number={2},
   journal={Journal of Physics G: Nuclear and Particle Physics},
   publisher={IOP Publishing},
   author={Butterworth, Jon and Carrazza, Stefano and Cooper-Sarkar, Amanda and Roeck, Albert De and Feltesse, Joël and Forte, Stefano and Gao, Jun and Glazov, Sasha and Huston, Joey and Kassabov, Zahari and et al.},
   year={2016},
   month={Jan},
   pages={023001}
}
@article{Dokshitzer:1977sg,
    author = "Dokshitzer, Yuri L.",
    title = "{Calculation of the Structure Functions for Deep Inelastic Scattering and e+ e- Annihilation by Perturbation Theory in Quantum Chromodynamics.}",
    journal = "Sov. Phys. JETP",
    volume = "46",
    pages = "641--653",
    year = "1977"
}
@article{Gribov:1972ri,
    author = "Gribov, V. N. and Lipatov, L. N.",
    title = "{Deep inelastic e p scattering in perturbation theory}",
    reportNumber = "IPTI-381-71",
    journal = "Sov. J. Nucl. Phys.",
    volume = "15",
    pages = "438--450",
    year = "1972"
}

@article{Brodsky:1973kr,
    author = "Brodsky, Stanley J. and Farrar, Glennys R.",
    title = "{Scaling Laws at Large Transverse Momentum}",
    reportNumber = "SLAC-PUB-1290",
    doi = "10.1103/PhysRevLett.31.1153",
    journal = "Phys. Rev. Lett.",
    volume = "31",
    pages = "1153--1156",
    year = "1973"
}

@article{Owens:2012bv,
      author         = "Owens, J.F. and Accardi, A. and Melnitchouk, W.",
      title          = "{Global parton distributions with nuclear and
                        finite-$Q^2$ corrections}",
      journal        = "Phys.Rev.",
      number         = "9",
      volume         = "D87",
      pages          = "094012",
      year           = "2013",
      archivePrefix  = "arXiv",
      primaryClass   = "hep-ph",
      reportNumber   = "JLAB-THY-13-5",
      SLACcitation   = "%%CITATION = ARXIV:1212.1702;%%",
}

@article{Martin:2009iq,
      author         = "Martin, A.D. and Stirling, W.J. and Thorne, R.S. and
                        Watt, G.",
      title          = "{Parton distributions for the LHC}",
      journal        = "Eur.Phys.J.",
      volume         = "C63",
      pages          = "189-285",
      year           = "2009",
      archivePrefix  = "arXiv",
      primaryClass   = "hep-ph",
      reportNumber   = "IPPP-08-95, DCPT-08-190, CAVENDISH-HEP-08-16",
      SLACcitation   = "%%CITATION = ARXIV:0901.0002;%%",
}



@article{pythia,
      author         = "Sjostrand, Torbjorn and Lonnblad, Leif and Mrenna, Stephen",
      title          = "{PYTHIA 6.2: Physics and manual}",
      year           = "2001",
      archivePrefix  = "arXiv",
      primaryClass   = "hep-ph",
      reportNumber   = "LU-TP-01-21"}

@article{Corcella:2000bw,
      author         = "Corcella, G. and Knowles, I.G. and Marchesini, G. and Moretti, S. and Odagiri, K. and others",
      title          = "{HERWIG 6: An Event generator for hadron emission reactions with interfering gluons (including supersymmetric processes)}",
      journal        = "JHEP",
      volume         = "0101",
      pages          = "010",
      year           = "2001",
      archivePrefix  = "arXiv",
      primaryClass   = "hep-ph"}


@article{Andersson198331,
title = "Parton fragmentation and string dynamics ",
journal = "Physics Reports ",
volume = "97",
number = "2–3",
pages = "31 - 145",
year = "1983",
note = "",
issn = "0370-1573",
author = "B. Andersson and G. Gustafson and G. Ingelman and T. Sjöstrand"
}


@article{Agostinelli2003250,
title = "{Geant4 — a simulation toolkit}",
journal = "{Nuclear Instruments and Methods in Physics Research Section A: Accelerators, Spectrometers, Detectors and Associated Equipment}",
volume = "506",
number = "3",
pages = "250 - 303",
year = "2003",
note = "",
issn = "0168-9002",
author = "S. Agostinelli and J. Allison and K. Amako and J. Apostolakis and H. Araujo and P. Arce and M. Asai and D. Axen and S. Banerjee and G. Barrand and F. Behner and L. Bellagamba and J. Boudreau and L. Broglia and A. Brunengo and H. Burkhardt and S. Chauvie and J. Chuma and R. Chytracek and G. Cooperman and G. Cosmo and P. Degtyarenko and A. Dell'Acqua and G. Depaola and D. Dietrich and R. Enami and A. Feliciello and C. Ferguson and H. Fesefeldt and G. Folger and F. Foppiano and A. Forti and S. Garelli and S. Giani and R. Giannitrapani and D. Gibin and J.J. Gómez Cadenas and I. González and G. Gracia Abril and G. Greeniaus and W. Greiner and V. Grichine and A. Grossheim and S. Guatelli and P. Gumplinger and R. Hamatsu and K. Hashimoto and H. Hasui and A. Heikkinen and A. Howard and V. Ivanchenko and A. Johnson and F.W. Jones and J. Kallenbach and N. Kanaya and M. Kawabata and Y. Kawabata and M. Kawaguti and S. Kelner and P. Kent and A. Kimura and T. Kodama and R. Kokoulin and M. Kossov and H. Kurashige and E. Lamanna and T. Lampén and V. Lara and V. Lefebure and F. Lei and M. Liendl and W. Lockman and F. Longo and S. Magni and M. Maire and E. Medernach and K. Minamimoto and P. Mora de Freitas and Y. Morita and K. Murakami and M. Nagamatu and R. Nartallo and P. Nieminen and T. Nishimura and K. Ohtsubo and M. Okamura and S. O'Neale and Y. Oohata and K. Paech and J. Perl and A. Pfeiffer and M.G. Pia and F. Ranjard and A. Rybin and S. Sadilov and E. Di Salvo and G. Santin and T. Sasaki and N. Savvas and Y. Sawada and S. Scherer and S. Sei and V. Sirotenko and D. Smith and N. Starkov and H. Stoecker and J. Sulkimo and M. Takahata and S. Tanaka and E. Tcherniaev and E. Safai Tehrani and M. Tropeano and P. Truscott and H. Uno and L. Urban and P. Urban and M. Verderi and A. Walkden and W. Wander and H. Weber and J.P. Wellisch and T. Wenaus and D.C. Williams and D. Wright and T. Yamada and H. Yoshida and D. Zschiesche"}



@article{cms_fast_sim,
  author={Douglas Orbaker and others},
  collaboration="{CMS Collaboration}",
  title="{Fast simulation of the CMS detector}",
  journal={Journal of Physics: Conference Series},
  volume={219},
  number={3},
  pages={032053},
  year={2010}
}


@techreport{pf,
	Address = {2009. Geneva},
	Author = {Chatrchyan, S. and others},
	Collaboration = {CMS Collaboration},
	Institution = {CERN},
	Month = {Apr},
	Number = {CMS-PAS-PFT-09-001},
	Title = {{Particle-Flow Event Reconstruction in CMS and Performance for Jets, Taus, and MET}},
	Year = {2009}}
@techreport{cms_pf_2,
	Address = {Geneva},
	Author = {Chatrchyan, Serguei and others},
	Collaboration = {CMS Collaboration},
	Number = {CMS-PAS-PFT-10-001},
	Title = {{Commissioning of the Particle-flow Event Reconstruction with the first LHC collisions recorded in the CMS detector}},
	Year = {2010}}

@techreport{cms_pf_jets,
	Address = {Geneva},
	Author = {Chatrchyan, Serguei and others},
	Collaboration = {CMS Collaboration},
	Institution = {CERN},
	Number = {CMS-PAS-PFT-10-002},
	Title = {{Commissioning of the Particle-Flow reconstruction in Minimum-Bias and Jet Events from pp Collisions at 7 TeV}},
	Year = {2010}}

@techreport{cms_pf_leptons,
	Address = {Geneva},
	Author = {Chatrchyan, Serguei and others},
	Collaboration = {CMS Collaboration},
	Institution = {CERN},
	Number = {CMS-PAS-PFT-10-003},
	Title = {{Particle-flow commissioning with muons and electrons from J/$\Psi$ and W events at 7 TeV}},
	Year = {2010}}

@techreport{cms_pf_electrons,
	Address = {Geneva},
	Author = {Beaudette, F. and Benedetti, D. and Janot, P. and Pioppi, M.},
	Institution = {CERN},
	Month = {Mar},
	Number = {CMS-NOTE-2010-034},
	Title = {{Electron Reconstruction within the Particle Flow Algorithm (note priv{\'e}e)}},
	Year = {2010}}


@techreport{cms_tracks,
	Address = {Geneva},
	Author = {Adam, Wolfgang and Mangano, Boris and Speer, Thomas and Todorov, Teddy},
	Institution = {CERN},
	Month = {Dec},
	Number = {CMS-NOTE-2006-041},
	Title = {{Track Reconstruction in the CMS tracker}},
	Year = {2006}}



@techreport{Frühwirth:1027031,
      author        = "Frühwirth, R and Waltenberger, Wolfgang and Vanlaer,
                       Pascal",
      title         = "{Adaptive Vertex Fitting}",
      institution   = "CERN",
      address       = "Geneva",
      number        = "CMS-NOTE-2007-008",
      month         = "Mar",
      year          = "2007",
}

@article{cms_muons_reco,
	Author = {Chatrchyan, Serguei and others},
	Collaboration = {CMS Collaboration},
	Journal = {JINST},
	Pages = {P10002},
	Reportnumber = {CMS-MUO-10-004, CERN-PH-EP-2012-173},
	Title = {{Performance of CMS muon reconstruction in $pp$ collision events at $\sqrt{s}=7$ TeV}},
	Volume = {7},
	Year = {2012},
	Bdsk-Url-1 = {http://dx.doi.org/10.1088/1748-0221/7/10/P10002}}


@article{cms_muons_reco,
	Author = {Chatrchyan, Serguei and others},
	Collaboration = {CMS Collaboration},
	Journal = {JINST},
	Pages = {P10002},
	Reportnumber = {CMS-MUO-10-004, CERN-PH-EP-2012-173},
	Title = {{Performance of CMS muon reconstruction in $pp$ collision events at $\sqrt{s}=7$ TeV}},
	Volume = {7},
	Year = {2012},
	Bdsk-Url-1 = {http://dx.doi.org/10.1088/1748-0221/7/10/P10002}}


@article{cms_electron_perf,
      Author = {Chatrchyan, Serguei and others},
      title         = "{Electron performance with 19.6 fb$^{-1}$ of data collected at $\sqrt{s} = 8$ TeV with the CMS detector.}",
      collaboration = "CMS Collaboration",
      month         = "Mar",
      year          = "2013"}


@article{antikt,
  author={Matteo Cacciari and Gavin P. Salam and Gregory Soyez},
  title={The anti- k t jet clustering algorithm},
  journal={Journal of High Energy Physics},
  volume={2008},
  number={04},
  pages={063},
  year={2008},
  abstract={The k t and Cambridge/Aachen inclusive jet finding algorithms for hadron-hadron collisions can be seen as belonging to a broader class of sequential recombination jet algorithms, parametrised by the power of the energy scale in the distance measure. We examine some properties of a new member of this class, for which the power is negative. This ``anti- k t '' algorithm essentially behaves like an idealised cone algorithm, in that jets with only soft fragmentation are conical, active and passive areas are equal, the area anomalous dimensions are zero, the non-global logarithms are those of a rigid boundary and the Milan factor is universal. None of these properties hold for existing sequential recombination algorithms, nor for cone algorithms with split-merge steps, such as SISCone. They are however the identifying characteristics of the collinear unsafe plain ``iterative cone'' algorithm, for which the anti- k t algorithm provides a natural, fast, infrared and collinear safe replacement.}}

@article{ca_jets,
  author={Yu.L. Dokshitzer and G.D. Leder and S. Moretti and B.R. Webber},
  title={Better jet clustering algorithms},
  journal={Journal of High Energy Physics},
  volume={1997},
  number={08},
  pages={001},
  year={1997},
  abstract={We investigate modifications to the k ⊥ -clustering jet algorithm which preserve the advantages of the original Durham algorithm while reducing non-perturbative corrections and providing better resolution of jet substructure. We find that a simple change in the sequence of clustering (combining smaller-angle pairs first), together with the `freezing' of soft resolved jets, has beneficial effects.}}


@techreport{btag_perf,
      Author = {Chatrchyan, Serguei and others},
      title         = "{Performance of b tagging at $\sqrt{s} = \SI{8}{\TeV}$ in multijet, \ttbar and boosted topology events}",
      institution   = "CERN",
      collaboration = "CMS Collaboration",
      address       = "Geneva",
      number        = "CMS-PAS-BTV-13-001",
      year          = "2013"}



@article{jec,
  collaboration={The CMS collaboration},
  title="{Determination of jet energy calibration and transverse momentum resolution in CMS}",
  journal={Journal of Instrumentation},
  volume={6},
  number={11},
  pages={P11002},
  year={2011}
}


@article{Sirunyan_2018,
   title={Identification of heavy-flavour jets with the CMS detector in pp collisions at 13 TeV},
   volume={13},
   ISSN={1748-0221},
   url={http://dx.doi.org/10.1088/1748-0221/13/05/P05011},
   DOI={10.1088/1748-0221/13/05/p05011},
   number={05},
   journal={Journal of Instrumentation},
   publisher={IOP Publishing},
   author={Sirunyan, A.M. and Tumasyan, A. and Adam, W. and Ambrogi, F. and Asilar, E. and Bergauer, T. and Brandstetter, J. and Brondolin, E. and Dragicevic, M. and Erö, J. and et al.},
   year={2018},
   month={May},
   pages={P05011–P05011}
}

@MISC{Sarle94,
    author = {Warren S. Sarle},
    title = {Neural Networks and Statistical Models},
    year = {1994}
}

@misc{chollet2015,
  title={Keras},
  author={Chollet, Fran\c{c}ois and others},
  year={2015},
  publisher={GitHub},
  howpublished={\url{https://github.com/fchollet/keras}},
}

@article{Guest_2016,
   title={Jet flavor classification in high-energy physics with deep neural networks},
   volume={94},
   ISSN={2470-0029},
   url={http://dx.doi.org/10.1103/PhysRevD.94.112002},
   DOI={10.1103/physrevd.94.112002},
   number={11},
   journal={Physical Review D},
   publisher={American Physical Society (APS)},
   author={Guest, Daniel and Collado, Julian and Baldi, Pierre and Hsu, Shih-Chieh and Urban, Gregor and Whiteson, Daniel},
   year={2016},
   month={Dec}
}


@misc{abadi2016,
      title={TensorFlow: Large-Scale Machine Learning on Heterogeneous Distributed Systems}, 
      author={Martín Abadi and Ashish Agarwal and Paul Barham and Eugene Brevdo and Zhifeng Chen and Craig Citro and Greg S. Corrado and Andy Davis and Jeffrey Dean and Matthieu Devin and Sanjay Ghemawat and Ian Goodfellow and Andrew Harp and Geoffrey Irving and Michael Isard and Yangqing Jia and Rafal Jozefowicz and Lukasz Kaiser and Manjunath Kudlur and Josh Levenberg and Dan Mane and Rajat Monga and Sherry Moore and Derek Murray and Chris Olah and Mike Schuster and Jonathon Shlens and Benoit Steiner and Ilya Sutskever and Kunal Talwar and Paul Tucker and Vincent Vanhoucke and Vijay Vasudevan and Fernanda Viegas and Oriol Vinyals and Pete Warden and Martin Wattenberg and Martin Wicke and Yuan Yu and Xiaoqiang Zheng},
      year={2016},
      eprint={1603.04467},
      archivePrefix={arXiv},
      primaryClass={cs.DC}
}

@article{Khachatryan_2014,
   title={Search for the associated production of the Higgs boson with a top-quark pair},
   volume={2014},
   ISSN={1029-8479},
   url={http://dx.doi.org/10.1007/JHEP09(2014)087},
   DOI={10.1007/jhep09(2014)087},
   number={9},
   journal={Journal of High Energy Physics},
   publisher={Springer Science and Business Media LLC},
   author={Khachatryan, V. and Sirunyan, A. M. and Tumasyan, A. and Adam, W. and Bergauer, T. and Dragicevic, M. and Erö, J. and Fabjan, C. and Friedl, M. and et al.},
   year={2014},
   month={Sep}
}

@article{Barlow,
title = {Fitting using finite Monte Carlo samples},
journal = {Computer Physics Communications},
volume = {77},
number = {2},
pages = {219-228},
year = {1993},
issn = {0010-4655},
doi = {https://doi.org/10.1016/0010-4655(93)90005-W},
url = {https://www.sciencedirect.com/science/article/pii/001046559390005W},
author = {Roger Barlow and Christine Beeston},
}

@misc{Conway,
      title={Incorporating Nuisance Parameters in Likelihoods for Multisource Spectra}, 
      author={J. S. Conway},
      year={2011},
      eprint={1103.0354},
      archivePrefix={arXiv},
      primaryClass={physics.data-an}
}

@article{Neyman,
title = {On the problem of the most efficient tests of statistical hypotheses},
journal = {Philosophical Transactions of the Royal Society of London},
volume = {231},
number = {694-706},
year = {1933},
issn = {0264-3952},
doi = {https://doi.org/10.1098/rsta.1933.0009},
url = {https://royalsocietypublishing.org/doi/10.1098/rsta.1933.0009},
author = {Neyman, Jerzy and Pearson, Egon Sharpe},
}

@techreport{CMS_CLs,
      title         = "{Procedure for the LHC Higgs boson search combination in
                       Summer 2011}",
      institution   = "CERN",
      collaboration = "The ATLAS Collaboration, The CMS Collaboration, The LHC
                       Higgs Combination Group",
      address       = "Geneva",
      reportNumber  = "CMS-NOTE-2011-005, ATL-PHYS-PUB-2011-11",
      month         = "Aug",
      year          = "2011",
      url           = "https://cds.cern.ch/record/1379837",
}

@misc{CMStrackerUpdate,
      title={The CMS Phase-1 Pixel Detector Upgrade}, 
      author={The Tracker Group of the CMS Collaboration},
      year={2020},
      eprint={2012.14304},
      archivePrefix={arXiv},
      primaryClass={physics.ins-det}
}

@article{CMS-DP-2019-005,
      title         = "{CMS ECAL Response to Laser Light}",
      collaboration = "CMS Collaboration",
      month         = "Mar",
      year          = "2019",
      url           = "https://cds.cern.ch/record/2668200",
}

@techreport{Mans:1481837,
      author        = "Mans, J and Anderson, J and Dahmes, B and de Barbaro, P
                       and Freeman, J and Grassi, T and Hazen, E and Mans, J and
                       Ruchti, R and Schimdt, I and Shaw, T and Tully, C and
                       Whitmore, J and Yetkin, T",
      title         = "{CMS Technical Design Report for the Phase 1 Upgrade of
                       the Hadron Calorimeter}",
      reportNumber  = "CERN-LHCC-2012-015, CMS-TDR-10",
      month         = "Sep",
      year          = "2012",
      url           = "https://cds.cern.ch/record/1481837",
      note          = "Additional contact persons: Jeffrey Spalding, Fermilab,
                       spalding@cern.ch, Didier Contardo, Universite Claude
                       Bernard-Lyon I, contardo@cern.ch",
}

@article{Collaboration_2014,
	doi = {10.1088/1748-0221/9/10/p10009},
	url = {https://doi.org/10.1088/1748-0221/9/10/p10009},
	year = 2014,
	month = {oct},
	publisher = {{IOP} Publishing},
	volume = {9},
	number = {10},
	pages = {P10009--P10009},
	author = {The CMS Collaboration},
	title = {Description and performance of track and primary-vertex reconstruction with the {CMS} tracker},
	journal = {Journal of Instrumentation}
}

@article{CMStrigger,
      author        = "Khachatryan, Vardan and Sirunyan, Albert M and Tumasyan,
                       Armen and Adam, Wolfgang and Aşılar, Ece and Bergauer,
                       Thomas and Brandstetter, Johannes and Brondolin",
      title         = "{The CMS trigger system. The CMS trigger system}",
      journal       = "JINST",
      collaboration = "CMS Collaboration",
      archivePrefix = "arXiv",
      eprint        = "1609.02366",
      reportNumber  = "CMS-TRG-12-001, CERN-EP-2016-160, 01",
      volume        = "12",
      pages         = "P01020. 122 p",
      month         = "Sep",
      year          = "2016",
      url           = "https://cds.cern.ch/record/2212926",
      note          = "Replaced with the published version. Added the journal
                       reference and DOI. All the figures and tables can be found
                       at
                       http://cms-results.web.cern.ch/cms-results/public-results/publications/TRG-12-001/index.html",
      doi           = "10.1088/1748-0221/12/01/P01020",
}

@article{Cacciari_2012,
   title={FastJet user manual},
   volume={72},
   ISSN={1434-6052},
   url={http://dx.doi.org/10.1140/epjc/s10052-012-1896-2},
   DOI={10.1140/epjc/s10052-012-1896-2},
   number={3},
   journal={The European Physical Journal C},
   publisher={Springer Science and Business Media LLC},
   author={Cacciari, Matteo and Salam, Gavin P. and Soyez, Gregory},
   year={2012},
   month={Mar}
}

@techreport{Elvira:800406,
      author        = "Elvira, Victor Daniel",
      title         = "{Measurement of the Pion Energy Response and Resolution in
                       the CMS HCAL Test Beam 2002 Experiment}",
      institution   = "CERN",
      address       = "Geneva",
      reportNumber  = "CMS-NOTE-2004-020",
      month         = "Sep",
      year          = "2004",
      url           = "http://cds.cern.ch/record/800406",
}


@techreport{CMS-PAS-LUM-18-002,
      title         = "{CMS luminosity measurement for the 2018 data-taking
                       period at $\sqrt{s} = 13~\mathrm{TeV}$}",
      institution   = "CERN",
      collaboration = "CMS Collaboration",
      address       = "Geneva",
      reportNumber  = "CMS-PAS-LUM-18-002",
      year          = "2019",
      url           = "https://cds.cern.ch/record/2676164",
}

@article{Balagura_2021,
   title={Van der Meer scan luminosity measurement and beam–beam correction},
   volume={81},
   ISSN={1434-6052},
   url={http://dx.doi.org/10.1140/epjc/s10052-021-08837-y},
   DOI={10.1140/epjc/s10052-021-08837-y},
   number={1},
   journal={The European Physical Journal C},
   publisher={Springer Science and Business Media LLC},
   author={Balagura, Vladislav},
   year={2021},
   month={Jan}
}

@Article{Sirunyan2020,
author={Sirunyan, A. M. and Bloch, D.},
title={Extraction and validation of a new set of CMS pythia8 tunes from underlying-event measurements},
journal={The European Physical Journal C},
year={2020},
month={Jan},
day={03},
volume={80},
number={1},
pages={4},
issn={1434-6052},
doi={10.1140/epjc/s10052-019-7499-4},
url={https://doi.org/10.1140/epjc/s10052-019-7499-4}
}

@techreport{CMSAtlasStat,
      title         = "{Procedure for the LHC Higgs boson search combination in
                       Summer 2011}",
      institution   = "CERN",
      collaboration = "The ATLAS Collaboration, The CMS Collaboration, The LHC
                       Higgs Combination Group",
      address       = "Geneva",
      reportNumber  = "CMS-NOTE-2011-005, ATL-PHYS-PUB-2011-11",
      month         = "Aug",
      year          = "2011",
      url           = "http://cds.cern.ch/record/1379837",
}
@techreport{ANnous,
      author        = {Carle, A. and Chanon, N.  and Jain, S. and Jung, A and Negro, G. and Perriès, S. and Thieman, J.},
      title         = "CMS Analysis Note",
      reportNumber  = "{AN-2021/128}",
      year          = "2021"
}


@techreport{ANJason,
      author        = {Chenarani, S. and Goldouzian, R. and Negro, G. and Thieman, J.},
      title         = "CMS Analysis Note",
      reportNumber  = "{AN-2019/140}",
      year          = "2019",
      url           = "https://cms.cern.ch/iCMS/user/noteinfo?cmsnoteid=CMS%20AN-2019/140"
}


